@Manual{dplyr,
  title = {dplyr: A Grammar of Data Manipulation},
  author = {Hadley Wickham and Romain François and Lionel Henry and Kirill Müller},
  year = {2019},
  note = {R package version 0.8.0.1},
  url = {https://CRAN.R-project.org/package=dplyr},
}

@Manual{stats,
  title = {R: A Language and Environment for Statistical Computing},
  author = {{R Core Team}},
  organization = {R Foundation for Statistical Computing},
  address = {Vienna, Austria},
  year = {2018},
  url = {https://www.R-project.org/},
}

@Manual{factoextra,
  title = {factoextra: Extract and Visualize the Results of Multivariate Data Analyses},
  author = {Alboukadel Kassambara and Fabian Mundt},
  year = {2017},
  note = {R package version 1.0.5},
  url = {https://CRAN.R-project.org/package=factoextra},
}

@Manual{cluster,
  title = {cluster: Cluster Analysis Basics and Extensions},
  author = {Martin Maechler and Peter Rousseeuw and Anja Struyf and Mia Hubert and Kurt Hornik},
  year = {2018},
  note = {R package version 2.0.7-1)},
}

@Book{class,
  title = {Modern Applied Statistics with S},
  author = {W. N. Venables and B. D. Ripley},
  publisher = {Springer},
  edition = {Fourth},
  address = {New York},
  year = {2002},
  note = {ISBN 0-387-95457-0},
  url = {http://www.stats.ox.ac.uk/pub/MASS4},
}

@book{James:2014:ISL:2517747,
 author = {James, Gareth and Witten, Daniela and Hastie, Trevor and Tibshirani, Robert},
 title = {An Introduction to Statistical Learning: With Applications in R},
 year = {2014},
 isbn = {1461471370, 9781461471370},
 publisher = {Springer Publishing Company, Incorporated},
} 

@article{DBLP:journals/corr/BenziDVB16,
  author    = {Kirell Benzi and
               Micha{\"{e}}l Defferrard and
               Pierre Vandergheynst and
               Xavier Bresson},
  title     = {{FMA:} {A} Dataset For Music Analysis},
  journal   = {CoRR},
  volume    = {abs/1612.01840},
  year      = {2016},
  url       = {http://arxiv.org/abs/1612.01840},
  archivePrefix = {arXiv},
  eprint    = {1612.01840},
  timestamp = {Mon, 13 Aug 2018 16:48:00 +0200},
  biburl    = {https://dblp.org/rec/bib/journals/corr/BenziDVB16},
  bibsource = {dblp computer science bibliography, https://dblp.org}
}